% Livros ordenados pelo ano
@article {abstract-algebra-2007,
    author  = "Pierre Antoine Grillet",
    title   = "Abstract algebra",
    journal = "Springer, New York",
    year    = "2007"
}
@article {finite-fields-1997,
    author  = "Rudolf LIDL and Harald Niederreiter",
    title   = "Finite fields",
    journal = "Cambridge University Press, Reino Unido",
    year    = "1997"
}
@article {topicos-de-algebra-1970,
    author  = "Hernstein, I. N.",
    title   = "Tópicos de álgebra",
    journal = "Universidade de São Paulo, São Paulo",
    year    = "1970"
}
% Artigos ordenados pelo ano
@article {article-2018,
    author  = "Sharma, R. K. and Anju",
    title   = "On primitive normal elements over finite
fields",
    journal = "Asian-European Journal of Mathematics",
    year    = "2018"
}
@article {article-2017,
    author  = "Sharma, R. K. and Anju",
    title   = "Existence of some special primitive normal
elements over finite fields",
    journal = "Finite Fields and Their Applications",
    year    = "2017"
}
@article {article-2014,
    author  = "Cohen, S. D.",
    title   = "Pairs of primitive elements in fields of even order",
    journal = "Finite fields and their applications",
    year    = "2014"
}
@article {article-1987,
    author  = "Lenstra, H. W. and Schoof, R. J.",
    title   = "Primitive Normal Bases for Finite
Fields",
    journal = "Mathematics of Computation",
    year    = "1987"
}